%% This BibTeX bibliography file was created using BibDesk.
%% http://bibdesk.sourceforge.net/


%% Created for Seth Johnson at 2010-01-15 15:01:56 -0500 


%% Saved with string encoding Unicode (UTF-8) 

@techreport{nureg,
	Institution = {U.S. Nuclear Regulatory Commission},
	Number = {NUREG/CR-6844},
        Volume = {1},
	Title = {TRISO-Coated Particle Fuel Phenomenon Identification and Ranking Tables (PIRTs) for Fission Product Transport Due to Manufacturing, Operations, and Accidents: Main Report},
	Year = {2004}}

@techreport{epri,
	Institution = {Electric Power Research Institute},
	Number = {EPRI-AR-1 (NP)},
	Title = {Uranium Oxycarbide (UCO) Tristructural Isotropic (TRISO) Coated Particle Fuel Performance},
	Year = {2004}}


@inproceedings{gt-mhr,
  Author    = "Kiryushin, A.I. and Kuzavkov, N.G. and Gushin, Yu.L. and Sukharev, Yu.P. and Chudin, A.G and Richards, M. and Shenoy, A. ",
  Title     = "GT-MHR SPENT FUEL STORAGE DISPOSAL WITHOUT PROCESSING",
  booktitle = "Proc. of technical committee meeting on technologies for gas cooled reactor decommissioning, fuel storage and waste disposal",
  year      = 1997,
  publisher = "International Atomic Energy Agency",
  address   = "Juelich, Germany"
}

@article{PETERSON2011,
title = {Modeling spent TRISO fuel for geological disposal: corrosion and failure under oxidizing conditions in the presence of water},
journal = {Progress in Nuclear Energy},
volume = {53},
number = {3},
pages = {278-284},
year = {2011},
issn = {0149-1970},
doi = {https://doi.org/10.1016/j.pnucene.2010.12.003},
url = {https://www.sciencedirect.com/science/article/pii/S0149197010001782},
author = {Joshua Loren Peterson and Mary Lou Dunzik-Gougar},
keywords = {TRISO fuel, Geological disposal, Spent nuclear fuel, HTGR fuel, Fuel repository}}

@article{moose,
   title = {2.0 - {MOOSE}: Enabling massively parallel multiphysics simulation},
   author = {Alexander D. Lindsay and Derek R. Gaston and Cody J. Permann and Jason M. Miller and
             David Andr{\v{s}} and Andrew E. Slaughter and Fande Kong and Joshua Hansel and
             Robert W. Carlsen and Casey Icenhour and Logan Harbour and Guillaume L. Giudicelli
             and Roy H. Stogner and Peter German and Jacob Badger and Sudipta Biswas and
             Leora Chapuis and Christopher Green and Jason Hales and Tianchen Hu and Wen Jiang
             and Yeon Sang Jung and Christopher Matthews and Yinbin Miao and April Novak and
             John W. Peterson and Zachary M. Prince and Andrea Rovinelli and Sebastian Schunert
             and Daniel Schwen and Benjamin W. Spencer and Swetha Veeraraghavan and Antonio Recuero
             and Dewen Yushu and Yaqi Wang and Andy Wilkins and Christopher Wong},
    year = {2022},
 journal = {{SoftwareX}},
  volume = {20},
   pages = {101202},
    issn = {2352-7110},
     doi = {https://doi.org/10.1016/j.softx.2022.101202},
     url = {https://www.sciencedirect.com/science/article/pii/S2352711022001200},
keywords = {Multiphysics, Object-oriented, Finite-element, Framework},
}

@techreport{doe_canister,
	Institution = {Idaho National Laboratory},
	Number = {INL/CON-18-52108-Revision-0},
	Title = {Neutron Absorber Considerations for the DOE Standardized Canister},
	Year = {2019}}

@techreport{xenergy,
	Institution = {XEnergy},
	Number = {2023-XE-NRC-002, ML23011A234},
	Title = {Spent Fuel Management White Paper},
	Year = {2023}}

@article{griffin,
author = {Yaqi Wang and Sebastian Schunert and Javier Ortensi and Vincent Laboure and Mark DeHart and Zachary Prince and Fande Kong and Jackson Harter and Paolo Balestra and Frederick Gleicher},
title = {Rattlesnake: A MOOSE-Based Multiphysics Multischeme Radiation Transport Application},
journal = {Nuclear Technology},
volume = {207},
number = {7},
pages = {1047-1072},
year  = {2021},
publisher = {Taylor & Francis},
doi = {10.1080/00295450.2020.1843348},
URL = {https://doi.org/10.1080/00295450.2020.1843348},
eprint = {https://doi.org/10.1080/00295450.2020.1843348}
}

@article{pronghorn,
author = {A. J. Novak and R. W. Carlsen and S. Schunert and P. Balestra and D. Reger and R. N. Slaybaugh and R. C. Martineau},
title = {Pronghorn: A Multidimensional Coarse-Mesh Application for Advanced Reactor Thermal Hydraulics},
journal = {Nuclear Technology},
volume = {207},
number = {7},
pages = {1015-1046},
year  = {2021},
publisher = {Taylor & Francis},
doi = {10.1080/00295450.2020.1825307},
URL = {https://doi.org/10.1080/00295450.2020.1825307},
eprint = {https://doi.org/10.1080/00295450.2020.1825307}
}

@article{bison,
author = {Richard L. Williamson and Jason D. Hales and Stephen R. Novascone and Giovanni Pastore and Kyle A. Gamble and Benjamin W. Spencer and Wen Jiang and Stephanie A. Pitts and Albert Casagranda and Daniel Schwen and Adam X. Zabriskie and Aysenur Toptan and Russell Gardner and Christoper Matthews and Wenfeng Liu and Hailong Chen},
title = {BISON: A Flexible Code for Advanced Simulation of the Performance of Multiple Nuclear Fuel Forms},
journal = {Nuclear Technology},
volume = {207},
number = {7},
pages = {954-980},
year  = {2021},
publisher = {Taylor & Francis},
doi = {10.1080/00295450.2020.1836940},
URL = {https://doi.org/10.1080/00295450.2020.1836940},
eprint = {https://doi.org/10.1080/00295450.2020.1836940}
}

@article{multiapp,
    title = {Physics-based multiscale coupling for full core nuclear reactor simulation},
   author = {Derek R. Gaston and Cody J. Permann and John W. Peterson and Andrew E. Slaughter and
             David Andr{\v{s}} and Yaqi Wang and Michael P. Short and Danielle M. Perez and Michael
             R. Tonks and Javier Ortensi and Ling Zou and Richard C. Martineau},
     year = {2015},
  journal = {Annals of Nuclear Energy},
   volume = {84},
    pages = {45--54},
publisher = {Elsevier}
}
